<?xml version="1.0" encoding="UTF-8"?><collection xmlns="http://www.loc.gov/MARC21/slim"><record><leader>00428nam--2200133-i-4500</leader><controlfield tag="001">000004539</controlfield><controlfield tag="002">20161230</controlfield><controlfield tag="005">20161230201025</controlfield><controlfield tag="008">060222s1000------------r-----000-0-eng-d</controlfield><datafield ind1=" " ind2=" " tag="100"><subfield code="a">Bosch, H.E., Abecasis, S.M</subfield></datafield><datafield ind1=" " ind2=" " tag="245"><subfield code="a">Calculo de rendimientos acumulativos en la fis ion de uranio</subfield></datafield><datafield ind1=" " ind2=" " tag="260"><subfield code="a">Buenos Aires, 1959, 20 P</subfield></datafield><datafield ind1=" " ind2=" " tag="490"><subfield code="a">Publ.De La Comision Nacional De Energia Atomic A, Informe No.5 (Fisica Nuclear)</subfield></datafield><datafield ind1=" " ind2=" " tag="852"><subfield code="a">14000</subfield></datafield></record></collection>